<record><leader>00000cas a2200000 a 4500</leader><controlfield tag="001">10731138</controlfield><controlfield tag="008">840514c19uu9999aruwr ne      0   a0eng d</controlfield><datafield ind1=" " ind2=" " tag="010"><subfield code="a">sn 86002405 </subfield></datafield><datafield ind1=" " ind2=" " tag="040"><subfield code="a">WIH</subfield><subfield code="b">eng</subfield><subfield code="c">WIH</subfield><subfield code="d">NSD</subfield><subfield code="d">ANU</subfield><subfield code="d">OCLCQ</subfield><subfield code="d">OCLCF</subfield><subfield code="d">OCLCO</subfield></datafield><datafield ind1=" " ind2=" " tag="012"><subfield code="l">1</subfield></datafield><datafield ind1="1" ind2=" " tag="022"><subfield code="a">0890-295X</subfield><subfield code="l">0890-295X</subfield><subfield code="2">1</subfield></datafield><datafield ind1="1" ind2=" " tag="029"><subfield code="a">AU@</subfield><subfield code="b">000020425618</subfield></datafield><datafield ind1=" " ind2=" " tag="037"><subfield code="b">Air Scoop, P.O. Box 2221, Little Rock, AR 72203</subfield></datafield><datafield ind1=" " ind2=" " tag="042"><subfield code="a">nsdp</subfield></datafield><datafield ind1=" " ind2=" " tag="043"><subfield code="a">n-us-ar</subfield></datafield><datafield ind1="0" ind2=" " tag="130"><subfield code="a">Air scoop (Jacksonville, Ark.)</subfield></datafield><datafield ind1=" " ind2="0" tag="222"><subfield code="a">Air scoop</subfield><subfield code="b">(Little Rock, Ark.)</subfield></datafield><datafield ind1="1" ind2="0" tag="245"><subfield code="a">Air scoop.</subfield></datafield><datafield ind1=" " ind2=" " tag="260"><subfield code="a">Jacksonville, Ark. :</subfield><subfield code="b">Beight &amp; Associates</subfield></datafield><datafield ind1=" " ind2=" " tag="300"><subfield code="a">v. :</subfield><subfield code="b">ill. ;</subfield><subfield code="c">36-45 cm.</subfield></datafield><datafield ind1=" " ind2=" " tag="310"><subfield code="a">Weekly</subfield></datafield><datafield ind1=" " ind2=" " tag="500"><subfield code="a">Imprint varies: Little Rock, AFB, Ark. : 314th Tactical Airlift Wing, &lt;June 20, 1986-&gt;</subfield></datafield><datafield ind1=" " ind2=" " tag="530"><subfield code="a">Available on microfilm from the State Historical Society of Wisconsin.</subfield></datafield><datafield ind1=" " ind2=" " tag="550"><subfield code="a">Published in the interest of personnel of Little Rock AFB of the Military Airlift Command.</subfield></datafield><datafield ind1=" " ind2=" " tag="588"><subfield code="a">Description based on: Vol. 3, no. 38 (Sept. 11, 1958).</subfield></datafield><datafield ind1=" " ind2=" " tag="588"><subfield code="a">Latest issue consulted: Vol. 31, no. 24 (Fri., June 20, 1986).</subfield></datafield><datafield ind1=" " ind2="0" tag="651"><subfield code="a">Little Rock Air Force Base (Ark.)</subfield><subfield code="v">Newspapers.</subfield></datafield><datafield ind1=" " ind2="7" tag="655"><subfield code="a">Newspapers.</subfield><subfield code="2">fast</subfield><subfield code="0">(OCoLC)fst01423814</subfield></datafield><datafield ind1=" " ind2="7" tag="651"><subfield code="a">Arkansas</subfield><subfield code="z">Little Rock Air Force Base.</subfield><subfield code="2">fast</subfield><subfield code="0">(OCoLC)fst01237839</subfield></datafield><datafield ind1="1" ind2=" " tag="710"><subfield code="a">United States.</subfield><subfield code="b">Air Force.</subfield><subfield code="b">Military Airlift Command.</subfield></datafield><datafield ind1="1" ind2=" " tag="710"><subfield code="a">United States.</subfield><subfield code="b">Air Force.</subfield><subfield code="b">Tactical Airlift Wing, 314th.</subfield></datafield></record>